<record><leader>00000cas a2200000 a 4500</leader><controlfield tag="001">20400807</controlfield><controlfield tag="008">890927c189u9999caucr ne      0    0eng c</controlfield><datafield ind1=" " ind2=" " tag="010"><subfield code="a">sn 93052548 </subfield></datafield><datafield ind1=" " ind2=" " tag="040"><subfield code="a">MCF</subfield><subfield code="b">eng</subfield><subfield code="c">MCF</subfield><subfield code="d">CNK</subfield><subfield code="d">OCLCQ</subfield><subfield code="d">CNK</subfield><subfield code="d">CRU</subfield><subfield code="d">OCLCQ</subfield><subfield code="d">OCLCF</subfield><subfield code="d">OCLCO</subfield></datafield><datafield ind1="1" ind2=" " tag="029"><subfield code="a">AU@</subfield><subfield code="b">000020753868</subfield></datafield><datafield ind1=" " ind2=" " tag="042"><subfield code="a">pcc</subfield></datafield><datafield ind1=" " ind2=" " tag="043"><subfield code="a">n-us-ca</subfield></datafield><datafield ind1="1" ind2="4" tag="050"><subfield code="a">AN1.C36</subfield><subfield code="b">L635</subfield></datafield><datafield ind1="0" ind2="4" tag="245"><subfield code="a">The Los Banos enterprise.</subfield></datafield><datafield ind1=" " ind2=" " tag="260"><subfield code="a">Los Banos, Calif. :</subfield><subfield code="b">Carlos O. Freeman</subfield></datafield><datafield ind1=" " ind2=" " tag="300"><subfield code="a">v.</subfield></datafield><datafield ind1=" " ind2=" " tag="310"><subfield code="a">Semiweekly,</subfield><subfield code="b">July 6, 1964-</subfield></datafield><datafield ind1=" " ind2=" " tag="321"><subfield code="a">Weekly,</subfield><subfield code="b">&lt;Aug. 8, 1891&gt;-July 2, 1964</subfield></datafield><datafield ind1=" " ind2=" " tag="515"><subfield code="a">Numbering is irregular.</subfield></datafield><datafield ind1=" " ind2=" " tag="530"><subfield code="a">Master negatives are available for duplication from:</subfield><subfield code="b">California Newspaper Microfilm Archive;</subfield><subfield code="c">positive copies may be purchased by the reel; for further information consult the CNMA at:</subfield><subfield code="u">http://cbsr.ucr.edu</subfield></datafield><datafield ind1=" " ind2=" " tag="588"><subfield code="a">Description based on: Vol. 1, no. 23 (Aug. 8, 1891).</subfield></datafield><datafield ind1=" " ind2="0" tag="651"><subfield code="a">Los Banos (Calif.)</subfield><subfield code="v">Newspapers.</subfield></datafield><datafield ind1=" " ind2="7" tag="655"><subfield code="a">Newspapers.</subfield><subfield code="2">fast</subfield><subfield code="0">(OCoLC)fst01423814</subfield></datafield><datafield ind1=" " ind2="7" tag="651"><subfield code="a">California</subfield><subfield code="z">Los Banos.</subfield><subfield code="2">fast</subfield><subfield code="0">(OCoLC)fst01215896</subfield></datafield><datafield ind1=" " ind2=" " tag="752"><subfield code="a">United States</subfield><subfield code="b">California</subfield><subfield code="c">Merced</subfield><subfield code="d">Los Banos.</subfield></datafield><datafield ind1="0" ind2="5" tag="780"><subfield code="t">Dos Palos star</subfield><subfield code="w">(DLC)sn 93052025</subfield></datafield></record>